<record><leader>00000cas a22000007a 4500</leader><controlfield tag="001">36831309</controlfield><controlfield tag="008">970430d197519uucauwr ne      0    0eng d</controlfield><datafield ind1=" " ind2=" " tag="010"><subfield code="a">sn 97060363 </subfield></datafield><datafield ind1=" " ind2=" " tag="040"><subfield code="a">CNK</subfield><subfield code="b">eng</subfield><subfield code="c">CNK</subfield><subfield code="d">OCLCQ</subfield><subfield code="d">OCLCO</subfield></datafield><datafield ind1="1" ind2=" " tag="029"><subfield code="a">AU@</subfield><subfield code="b">000013250942</subfield></datafield><datafield ind1=" " ind2=" " tag="042"><subfield code="a">msc</subfield></datafield><datafield ind1=" " ind2=" " tag="043"><subfield code="a">n-us-ca</subfield></datafield><datafield ind1="0" ind2=" " tag="130"><subfield code="a">High-land news (Highland, Calif.)</subfield></datafield><datafield ind1="1" ind2="0" tag="245"><subfield code="a">High-land news.</subfield></datafield><datafield ind1="3" ind2=" " tag="246"><subfield code="a">Highland news</subfield></datafield><datafield ind1=" " ind2=" " tag="260"><subfield code="a">Highland, San Bernardino County, Calif. :</subfield><subfield code="b">Red Iames</subfield></datafield><datafield ind1=" " ind2=" " tag="300"><subfield code="a">v.</subfield></datafield><datafield ind1=" " ind2=" " tag="310"><subfield code="a">Weekly</subfield></datafield><datafield ind1="0" ind2=" " tag="362"><subfield code="a">Vol. 1, no. 1 (Oct. 9, 1975)-</subfield></datafield><datafield ind1=" " ind2="0" tag="651"><subfield code="a">Highland (Calif.)</subfield><subfield code="v">Newspapers.</subfield></datafield><datafield ind1=" " ind2=" " tag="752"><subfield code="a">United States</subfield><subfield code="b">California</subfield><subfield code="c">San Bernardino</subfield><subfield code="d">Highland.</subfield></datafield></record>